2692 4656
14 334 16 340 ,
106 217 388 348 aaran
449 233 1148 341 rnlnuncau’rrcrn
1267 341 1271 356 ,

94 565 121 617 1.
145 539 284 612 Herboe
319 531 358 611 8(
379 534 484 628 folia
513 529 740 637 colligantur
770 531 841 608 suh
881 529 976 608 coelo
1008 561 1162 628 screno,

10 651 12 653 ’
131 637 303 736 proxime
327 648 414 708 ante
437 633 726 710 florescentium.
779 634 976 706 siccentur
993 633 1164 712 celeriter

8 761 16 818 ,¹
131 733 201 818 sub
215 731 452 832 umbraldco
465 753 633 810 ventoso.
665 735 794 806 Floree
813 730 999 833 legantur,
1025 759 1166 836 quam·

8 845 9 848 ’
119 835 296 934 'primum
319 833 438 934 aperti
463 833 549 908 sint.
602 831 796 906 Siccentur
821 846 863 904 ut
884 829 1026 920 herbae.
1077 837 1166 907 Ila-

10 963 12 968 ’
132 935 231 1006 dices·
256 929 525 1036 vegetabilium
546 929 745 1006 biennium
775 931 1076 1032 perenniumque
1102 932 1164 1008 ef·-

132 1031 326 1106 sotliantur
349 1030 479 1132 primo
501 1058 606 1122 vere3
632 1057 702 1131 pur
728 1043 837 1104 entur
855 1058 884 1130 *e
909 1027 1062 1132 p'ulverc
1087 1029 1170 1106 hu-l

130 1132 204 1224 ini,
228 1123 474 1234 similiterque
501 1131 688 1210 siccentur
702 1055 799 1226 loco
821 1127 1016 1209 umbroso,
1065 1131 1166 1218 Suc-
1228 1153 1232 1160 '

131 1255 228 1304 cosae
255 1229 400 1312 radices
426 1229 467 1312 in
492 1229 605 1313 furno
631 1243 815 1320 arescant.
853 1279 873 1320 ·‚

81 1398 115 1448 a.
144 1379 299 1450 Horrea
312 1389 383 1475 pro
396 1362 563 1450 materiis
576 1365 1027 1476 vegetabilibus'spatiosa
1040 1391 1170 1467 sunto,-

133 1473 237 1547 sicca
261 1473 299 1547 8<
322 1471 371 1547 ab
395 1479 479 1548 a‘e're
499 1471 621 1550 libero
643 1499 725 1546 non
744 1468 898 1580 seclusa·
938 1473 1171 1574 Substantia

131 1571 560 1674 querulosissimum
584 1587 710 1676 partes
735 1572 776 1648 in
798 1575 897 1652 vasis
919 1575 1041 1676 probe
1057 1573 1166 1648 clau-

133 1673 184 1746 sis
210 1685 500 1765 conserventur,
530 1697 653 1771 neque
684 1671 725 1744 in
756 1677 991 1750 antecessum
1022 1673 1199 1772 mojore-

98 1833 103 1842 .
131 1770 527 1944 copiadpnlverentur²
564 1797 678 1880 quam
700 1787 814 1871 prout
836 1773 1054 1876 poposcerit
1076 1801 1166 1850 usus

132 1885 240 1976 quoti
269 1887 390 1957 sanus.
1165 1904 1168 1911 ·

77 2008 118 2088 5.
146 2006 191 2079 ln
209 2005 484 2108 praeparatione
500 2001 749 2100 pharmacum
763 2006 1062 2106 compositorum
1082 2001 1166 2080 sin-

131 2105 228 2206 gulae
253 2107 467 2186 substantiae
491 2101 635 2190 solidoe,
662 2115 749 2198 post
777 2099 1077 2200 pulverationem
1102 2131 1167 2179 se-

135 2203 254 2275 orsim
280 2202 551 2304 ponderentur.
751 2227 754 2235 ·
815 2208 819 2216 '
1148 2213 1152 2222 '

76 2349 120 2424 ¹4.
148 2349 345 2441 Retracto,
370 2343 538 2449 pauxillo
564 2327 750 2424 alcoholis
776 2345 974 2448 adspersa,
999 2317 1043 2420 in
1069 2311 1170 2426 vasis

133 2448 273 2566 terreis
292 2445 393 2523 bene
423 2444 558 2526 clausis
582 2442 669 2522 loco
695 2444 834 2546 frigido
860 2462 1065 2522 serventur.

77 2605 118 2673 5.
143 2597 277 2677 Pilulae
286 2651 301 2689 ,
333 2594 506 2695 inprimis
536 2617 617 2693 quae
648 2587 819 2672 volatiles
851 2585 997 2688 habent
1021 2607 1166 2691 partes,

133 2710 402 2772 conserventur
438 2693 480 2765 in
518 2691 617 2767 ‘vasis
648 2687 769 2790 probe
804 2687 1003 2782 obturatis,
1042 2720 1166 2793 neque

134 2795 277 2894 majore
315 2792 520 2894 quantitate
555 2805 755 2899 parentur,
796 2815 910 2888 quam
942 2816 1022 2890 quae
1058 2791 1166 2871 brevi

134 2908 389 2967 consumatur.

80 3035 120 3107 6.
145 3033 341 3107 Alcolzoles
348 3088 363 3124 ,
380 3029 583 3122 Τίηὲἴιινιε,
602 3029 787 3118 AEthercs,
808 3029 1036 3116 AEtaerolea,
1058 3028 1186 3118 Olea·

133 3131 368 3224 Elclluaria,
406 3134 622 3228 Unguenta,
655 3130 873 3225 Emplastra
897 3141 1167 3202 conserventur

132 3232 175 3304 in
189 3229 283 3303 locis
297 3229 464 3332 frigidis3'
489 3229 640 3326 Syrupv',
663 3232 703 3301 V
700 3230 763 3300 ina
785 3227 957 3326 &Aquoe
970 3228 1166 3302 destillatoe

134 3331 176 3403 in
202 3327 306 3403 cellis
329 3326 602 3418 subterraneis,
628 3325 667 3400 8<
689 3327 811 3424 Aqnoe
838 3327 991 3426 quidem
1005 3323 1165 3404 invasis

134 3430 265 3504 terreis
295 3428 449 3502 nonnisi
472 3453 618 3534 papyro
637 3424 814 3500 obtestis.

81 3593 121 3666 7.
147 3565 351 3654 Resinae'&
365 3565 668 3644 Gummi-resinae
691 3556 902 3661 praeprimis
925 3555 1068 3652 hieme,
1089 3538 1163 3636 iri-

135 3662 329 3765 gidissima
353 3676 574 3768 tempestate
601 3657 852 3762 pulverentur.

83 3804 121 3872 8.
147 3797 379 3886 erantitates
390 3801 635 3874 materiarum
646 3789 836 3900 pondere,
853 3822 934 3872 non
947 3824 1036 3875 vero
1049 3785 1166 3874 men-²
1259 3833 1262 3838 ⁴
1301 3787 1305 3794 ⁴

133 3921 222 4006 supa
247 3910 288 3972 ut
309 3899 429 4001 magis
455 3900 621 3992 ineerta,
648 3895 911 3980 definiantur..
